%% This BibTeX bibliography file was created using BibDesk.
%% http://bibdesk.sourceforge.net/

%% Created for Shangqi at 2017-11-08 22:19:39 +1100 


%% Saved with string encoding Unicode (UTF-8) 



@misc{time2013twitter,
	Author = {Time},
	Date-Added = {2017-11-08 11:18:52 +0000},
	Date-Modified = {2017-11-08 11:19:39 +0000},
	Howpublished = {\\ \url{http://business.time.com/2013/10/08/twitter-is-selling-access-to-your-tweets-for-millions/} [online]},
	Title = {{Twitter Is Selling Access to Your Tweets for Millions}},
	Year = {2013}}

@misc{nytime2012facebook,
	Author = {The New York Times},
	Date-Added = {2017-11-08 11:17:07 +0000},
	Date-Modified = {2017-11-08 11:18:26 +0000},
	Howpublished = {\\ \url{http://www.nytimes.com/2012/02/05/opinion/sunday/facebook-is-using-you.html?pagewanted=all&_r=2&} [online]},
	Title = {{Facebook Is Using You}},
	Year = {2012}}

@article{mcpherson2001birds,
	Author = {McPherson, Miller and Smith-Lovin, Lynn and Cook, James M},
	Date-Added = {2017-11-07 11:27:38 +0000},
	Date-Modified = {2017-11-07 11:34:39 +0000},
	Journal = {Annual review of sociology},
	Number = {1},
	Pages = {415--444},
	Publisher = {Annual Reviews 4139 El Camino Way, PO Box 10139, Palo Alto, CA 94303-0139, USA},
	Title = {{Birds of A Feather: Homophily in Social Networks}},
	Volume = {27},
	Year = {2001}}

@misc{facebook2013graph,
	Author = {Facebook},
	Date-Added = {2017-11-07 09:16:49 +0000},
	Date-Modified = {2017-11-08 00:03:34 +0000},
	Howpublished = {\\ \url{https://www.facebook.com/graphsearcher/} [online]},
	Title = {{Facebook Graph Search}},
	Year = {2013}}

@misc{facebook2013growth,
	Author = {Facebook},
	Date-Added = {2017-11-07 08:46:21 +0000},
	Date-Modified = {2017-11-08 00:04:01 +0000},
	Howpublished = {\\ \url{https://www.facebook.com/media/set/?set=a.10151908376636729.1073741825.20531316728&type=3theater} [online]},
	Title = {{Facebook's Growth In The Past Year}},
	Year = {2013}}

@article{sweeney2002k,
	Author = {Sweeney, Latanya},
	Date-Added = {2017-11-06 23:59:34 +0000},
	Date-Modified = {2017-11-07 00:00:15 +0000},
	Journal = {International Journal of Uncertainty, Fuzziness and Knowledge-Based Systems},
	Number = {05},
	Pages = {557--570},
	Publisher = {World Scientific},
	Title = {{k-Anonymity: A Model for Protecting Privacy}},
	Volume = {10},
	Year = {2002}}

@article{domingo2008privacy,
	Author = {Domingo-Ferrer, Josep and Viejo, Alexandre and Seb{\'e}, Francesc and Gonz{\'a}lez-Nicol{\'a}s, {\'U}rsula},
	Date-Added = {2017-11-06 05:33:48 +0000},
	Date-Modified = {2017-11-06 05:34:21 +0000},
	Journal = {Computer Networks},
	Number = {15},
	Pages = {3007--3016},
	Publisher = {Elsevier},
	Title = {{Privacy homomorphisms for social networks with private relationships}},
	Volume = {52},
	Year = {2008}}

@article{cutillo2009safebook,
	Author = {Cutillo, Leucio Antonio and Molva, Refik and Strufe, Thorsten},
	Date-Added = {2017-11-06 05:27:23 +0000},
	Date-Modified = {2017-11-06 05:28:42 +0000},
	Journal = {IEEE Communications Magazine},
	Number = {12},
	Publisher = {IEEE},
	Title = {{Safebook: a Privacy Preserving Online Social Network Leveraging on Real-Life Trust}},
	Volume = {47},
	Year = {2009}}

@inproceedings{tootoonchian2009lockr,
	Author = {Tootoonchian, Amin and Saroiu, Stefan and Ganjali, Yashar and Wolman, Alec},
	Booktitle = {Proceedings of the 5th international conference on Emerging networking experiments and technologies},
	Date-Added = {2017-11-06 00:30:01 +0000},
	Date-Modified = {2017-11-06 05:27:41 +0000},
	Organization = {ACM},
	Pages = {169--180},
	Title = {{Lockr: Better Privacy for Social Networks}},
	Year = {2009}}

@inproceedings{sun2010privacy,
	Author = {Sun, Jinyuan and Zhu, Xiaoyan and Fang, Yuguang},
	Booktitle = {INFOCOM, 2010 Proceedings IEEE},
	Date-Added = {2017-11-05 09:07:02 +0000},
	Date-Modified = {2017-11-05 09:07:38 +0000},
	Organization = {IEEE},
	Pages = {1--9},
	Title = {{A Privacy-Preserving Scheme for Online Social Networks with Efficient Revocation}},
	Year = {2010}}

@inproceedings{baden2009persona,
	Author = {Baden, Randy and Bender, Adam and Spring, Neil and Bhattacharjee, Bobby and Starin, Daniel},
	Booktitle = {ACM SIGCOMM Computer Communication Review},
	Date-Added = {2017-11-05 06:54:49 +0000},
	Date-Modified = {2017-11-05 12:11:28 +0000},
	Organization = {ACM},
	Pages = {135--146},
	Title = {{Persona: An Online Social Network with User-Defined Privacy}},
	Year = {2009}}

@inproceedings{guha2008noyb,
	Author = {Guha, Saikat and Tang, Kevin and Francis, Paul},
	Booktitle = {Proceedings of the first workshop on Online social networks},
	Date-Added = {2017-11-05 05:45:17 +0000},
	Date-Modified = {2017-11-05 12:11:22 +0000},
	Organization = {ACM},
	Pages = {49--54},
	Title = {{NOYB: Privacy in Online Social Networks}},
	Year = {2008}}

@inproceedings{brown2008social,
	Author = {Brown, Garrett and Howe, Travis and Ihbe, Micheal and Prakash, Atul and Borders, Kevin},
	Booktitle = {Proceedings of the 2008 ACM conference on Computer supported cooperative work},
	Date-Added = {2017-11-05 04:42:09 +0000},
	Date-Modified = {2017-11-05 12:12:37 +0000},
	Organization = {ACM},
	Pages = {403--412},
	Title = {{Social Networks and Context-Aware Spam}},
	Year = {2008}}

@inproceedings{gross2005information,
	Author = {Gross, Ralph and Acquisti, Alessandro},
	Booktitle = {Proceedings of the 2005 ACM workshop on Privacy in the electronic society},
	Date-Added = {2017-11-05 00:11:22 +0000},
	Date-Modified = {2017-11-05 12:13:07 +0000},
	Organization = {ACM},
	Pages = {71--80},
	Title = {{Information Revelation and Privacy in Online Social Networks}},
	Year = {2005}}
